@misc{ArduinoPlaygroundRE,
  title = {Rotary Encoders},
  howpublished = {\url{http://playground.arduino.cc/Main/RotaryEncoders}}
}